<record><leader>00000cas a22000007a 4500</leader><controlfield tag="001">10385209</controlfield><controlfield tag="008">840207d19081932mtuwr ne      0    0eng d</controlfield><datafield ind1=" " ind2=" " tag="010"><subfield code="a">sn 84036024 </subfield></datafield><datafield ind1=" " ind2=" " tag="040"><subfield code="a">MTL</subfield><subfield code="b">eng</subfield><subfield code="c">MTL</subfield><subfield code="d">OCL</subfield><subfield code="d">OCLCQ</subfield></datafield><datafield ind1=" " ind2=" " tag="042"><subfield code="a">msc</subfield></datafield><datafield ind1="0" ind2="4" tag="245"><subfield code="a">The Valley tribune.</subfield></datafield><datafield ind1=" " ind2=" " tag="260"><subfield code="a">Bainville, Mont. :</subfield><subfield code="b">Tribune Pub. Co.,</subfield><subfield code="c">-1932.</subfield></datafield><datafield ind1=" " ind2=" " tag="300"><subfield code="a">26 v. :</subfield><subfield code="b">ill.</subfield></datafield><datafield ind1=" " ind2=" " tag="310"><subfield code="a">Weekly</subfield></datafield><datafield ind1="0" ind2=" " tag="362"><subfield code="a">-v. 26, no. 30 (Nov. 3, 1932).</subfield></datafield><datafield ind1="1" ind2=" " tag="362"><subfield code="a">Began in May 1908.</subfield><subfield code="z">Cf. Stout, T. Montana, its story and biography.</subfield></datafield><datafield ind1=" " ind2=" " tag="500"><subfield code="a">"Republican." Cf. Stout, T. Montana, its story and biography.</subfield></datafield><datafield ind1=" " ind2=" " tag="588"><subfield code="a">Description based on: Vol. 4, no. 50 (June 15, 1911).</subfield></datafield><datafield ind1=" " ind2=" " tag="752"><subfield code="a">United States</subfield><subfield code="b">Montana</subfield><subfield code="c">Roosevelt</subfield><subfield code="d">Bainville.</subfield></datafield><datafield ind1="0" ind2="4" tag="785"><subfield code="t">Searchlight (Culbertson, Mont.)</subfield><subfield code="g">Nov. 11, 1932</subfield><subfield code="w">(DLC)sn 85053089</subfield></datafield></record>